@INPROCEEDINGS{wei_pixrf,
  author={Lee, Jungmin and Jia, Wei and Rodriguez, Berardi Sensale- and Walling, Jeffrey S.},
  booktitle={2023 21st IEEE Interregional NEWCAS Conference (NEWCAS)}, 
  title={Pixelated RF: Random Metasurface Based Electromagnetic Filters}, 
  year={2023},
  volume={},
  number={},
  pages={1-5},
  keywords={Radio frequency;Image quality;Matched filters;Resonator filters;Satellite broadcasting;Dual band;Prototypes;random RF components;pixelated RF;dualband filter;microstrip;metasurface},
  doi={10.1109/NEWCAS57931.2023.10198065}}