@INPROCEEDINGS{Montoya_9248978,
  author={Montoya, Francisco G. and Alcayde, Alfredo and Arrabal-Campos, Francisco M. and Baños, Raúl},
  booktitle={2020 IEEE PES Innovative Smart Grid Technologies Europe (ISGT-Europe)}, 
  title={How to overcome the limitations of p-q Theory: Geometric Algebra Power Theory to the rescue}, 
  year={2020},
  volume={},
  number={},
  pages={339-343},
  keywords={Reactive power;Algebra;Transforms;Tools;Power system harmonics;Smart grids;Time-domain analysis;GAPoT;Geometric Algebra;Clifford Algebra;instantaneous reactive power;active compensation},
  doi={10.1109/ISGT-Europe47291.2020.9248978}}


@INPROCEEDINGS{Montoya_9808623,
  author={Montoya, Francisco G. and Arrabal-Campos, Francisco M. and Alcayde, Alfredo and Prado-Orbán, Xabier and Mira, Jorge},
  booktitle={2022 20th International Conference on Harmonics & Quality of Power (ICHQP)}, 
  title={Geometric Power and Poynting Vector: a Physical Derivation for Harmonic Power Flow using Geometric Algebra}, 
  year={2022},
  volume={},
  number={},
  pages={1-6},
  keywords={Algebra;Wires;Voltage;Power system harmonics;Harmonic analysis;Magnetic fields;Electric fields;geometric algebra;geometric power;harmonic power;Poynting vector},
  doi={10.1109/ICHQP53011.2022.9808623}}


@INPROCEEDINGS{Zhang_9943322,
  author={Zhang, Zihao and Cai, Peng and Shen”, Minglin and Huang, Gangyi and Wang, Shiyuan},
  booktitle={2022 IEEE 32nd International Workshop on Machine Learning for Signal Processing (MLSP)}, 
  title={Geometric Algebra Adaptive Filter Based on Multi-Dimensional Complex-Valued Random Fourier Features}, 
  year={2022},
  volume={},
  number={},
  pages={1-6},
  keywords={Machine learning algorithms;Algebra;Filtering;Simulation;Gaussian noise;Conferences;Signal processing algorithms;Geometric algebra;over-coupling;nonlinear mapping;multi-dimensional random Fourier features mapping},
  doi={10.1109/MLSP55214.2022.9943322}}


@ARTICLE{Li_9913488,
  author={Li, Yanping and Wang, Yue and Wang, Rui and Wang, Yi and Wang, Kaili and Wang, Xiangyang and Cao, Wenming and Xiang, Wei},
  journal={IEEE Transactions on Geoscience and Remote Sensing}, 
  title={GA-CNN: Convolutional Neural Network Based on Geometric Algebra for Hyperspectral Image Classification}, 
  year={2022},
  volume={60},
  number={},
  pages={1-14},
  keywords={Convolutional neural networks;Biological neural networks;Feature extraction;Convolution;Algebra;Biological system modeling;Training;Convolutional neural network (CNN);geometric algebra (GA);hyperspectral images (HSIs) classification;multivectors},
  doi={10.1109/TGRS.2022.3212682}}


@ARTICLE{Franchini_6783758,
  author={Franchini, Silvia and Gentile, Antonio and Sorbello, Filippo and Vassallo, Giorgio and Vitabile, Salvatore},
  journal={IEEE Transactions on Computers}, 
  title={ConformalALU: A Conformal Geometric Algebra Coprocessor for Medical Image Processing}, 
  year={2015},
  volume={64},
  number={4},
  pages={955-970},
  keywords={Vectors;Coprocessors;Field programmable gate arrays;Hardware;Computer architecture;Three-dimensional displays;Conformal geometric algebra;five-dimensional clifford algebra;computational geometry;embedded coprocessors;systems-on-programmable-chip;FPGA-based prototyping;medical imaging;segmentation;3D modeling;Volume registration;Growing Neural Gas;marching spheres;iterative closest point (ICP);thin-plate spline robust point matching (TPS-RPM)},
  doi={10.1109/TC.2014.2315652}}


@ARTICLE{Eid_9992202,
  author={Eid, Ahmad H. and Montoya, Francisco G.},
  journal={IEEE Access}, 
  title={A Systematic and Comprehensive Geometric Framework for Multiphase Power Systems Analysis and Computing in Time Domain}, 
  year={2022},
  volume={10},
  number={},
  pages={132725-132741},
  keywords={Algebra;Transmission line matrix methods;Kirchhoff's Law;Integrated circuit modeling;Geometry;Electrical engineering;Geometric algebra;geometric electricity;sequence components;Clarke transformation;park transformation;hyper space vectors;Kirchhoff’s laws},
  doi={10.1109/ACCESS.2022.3230915}}


@ARTICLE{Corrochano_9488174,
  author={Bayro-Corrochano, Eduardo},
  journal={IEEE Access}, 
  title={A Survey on Quaternion Algebra and Geometric Algebra Applications in Engineering and Computer Science 1995–2020}, 
  year={2021},
  volume={9},
  number={},
  pages={104326-104355},
  keywords={Algebra;Quaternions;Rotors;Three-dimensional displays;Robots;Computer science;Calculus;Geometric algebra;Clifford algebra;quaternion algebra;screw theory;signal processing;electrical engineering and power systems;geometric and quantum computing;image processing;computer vision;graphic engineering;artificial intelligence;machine learning;neural networks;control engineering;robotics;biomedical engineering;and biotechnology},
  doi={10.1109/ACCESS.2021.3097756}}


@ARTICLE{Neve_10345560,
  author={Neve, Michael J.},
  journal={IEEE Access}, 
  title={Reinterpreting the Smith Chart Using Conformal Geometric Algebra}, 
  year={2023},
  volume={11},
  number={},
  pages={138827-138838},
  keywords={Algebra;Tuners;Power transmission lines;Impedance;Admittance;Voltage;Three-dimensional displays;Geometric modeling;Conformal geometric algebra;Smith chart;transmission lines},
  doi={10.1109/ACCESS.2023.3340143}}

@ARTICLE{Arsenovic_7982607,
  author={Arsenovic, Alex},
  journal={IEEE Access}, 
  title={Applications of Conformal Geometric Algebra to Transmission Line Theory}, 
  year={2017},
  volume={5},
  number={},
  pages={19920-19941},
  keywords={Algebra;Geometry;Transmission line theory;Linear systems;Tools;Harmonic analysis;Impedance;Transmission lines;network theory;network design;geometry;applied mathematics},
  doi={10.1109/ACCESS.2017.2727819}}


@ARTICLE{scikit_9632487,
  author={Arsenovic, Alexander and Hillairet, Julien and Anderson, Jackson and Forstén, Henrik and Rieß, Vincent and Eller, Michael and Sauber, Noah and Weikle, Robert and Barnhart, William and Forstmayr, Franz},
  journal={IEEE Microwave Magazine}, 
  title={scikit-rf: An Open Source Python Package for Microwave Network Creation, Analysis, and Calibration [Speaker’s Corner]}, 
  year={2022},
  volume={23},
  number={1},
  pages={98-105},
  keywords={Software packages;Python},
  doi={10.1109/MMM.2021.3117139}}







