@inbook{balanis_2012, place={Hoboken, NJ}, chapter=1, title={advanced engineering electromagnetics}, booktitle={Balanis’ advanced engineering electromagnetics}, publisher={John Wiley \& Sons}, author={Balanis, Constantine A.}, year=2024, pages={2–3}} 